@article{DBLP:journals/corr/YangLLT15a,
  author    = {Shuo Yang and
               Ping Luo and
               Chen Change Loy and
               Xiaoou Tang},
  title     = {From Facial Parts Responses to Face Detection: {A} Deep Learning Approach},
  journal   = {CoRR},
  volume    = {abs/1509.06451},
  year      = {2015},
  url       = {http://arxiv.org/abs/1509.06451},
  archivePrefix = {arXiv},
  eprint    = {1509.06451},
  timestamp = {Tue, 09 Oct 2018 17:32:56 +0200},
  biburl    = {https://dblp.org/rec/bib/journals/corr/YangLLT15a},
  bibsource = {dblp computer science bibliography, https://dblp.org}
}

@misc{CartoonSet,
  author = {Machine Perception at Google},
  title = {Cartoon Set},
  year = {2018},
  publisher = {GitHub},
  journal = {GitHub repository},
  howpublished = {\url{https://google.gith
ub.io/cartoonset/
}},
}

@book{nixon2012feature,
  title={Feature extraction and image processing for computer vision},
  author={Nixon, Mark and Aguado, Alberto S},
  year={2012},
  publisher={Academic Press}
}

@article{JAIN2010651,
title = "Data clustering: 50 years beyond K-means",
journal = "Pattern Recognition Letters",
volume = "31",
number = "8",
pages = "651 - 666",
year = "2010",
note = "Award winning papers from the 19th International Conference on Pattern Recognition (ICPR)",
issn = "0167-8655",
doi = "https://doi.org/10.1016/j.patrec.2009.09.011",
url = "http://www.sciencedirect.com/science/article/pii/S0167865509002323",
author = "Anil K. Jain",
}

@inproceedings{sharif2014cnn,
  title={CNN features off-the-shelf: an astounding baseline for recognition},
  author={Sharif Razavian, Ali and Azizpour, Hossein and Sullivan, Josephine and Carlsson, Stefan},
  booktitle={Proceedings of the IEEE conference on computer vision and pattern recognition workshops},
  pages={806--813},
  year={2014}
}

@misc{karpathy_2018_transfer, 
title={CS231n Convolutional Neural Networks for Visual Recognition: Transfer Learning}, 
url={http://cs231n.github.io/transfer-learning/}, 
journal={Cs231n.github.io}, 
author={Karpathy, Andrej}, 
year={2018}}

@misc{karpathy_2018_visualizing, 
title={CS231n Convolutional Neural Networks for Visual Recognition: Visualizing what ConvNets learn}, 
url={http://cs231n.github.io/understanding-cnn/}, 
journal={Cs231n.github.io}, 
author={Karpathy, Andrej}, 
year={2018}}

@misc{karpathy_2018_nn2, 
title={CS231n Convolutional Neural Networks for Visual Recognition: Neural Networks Part 2}, 
url={http://cs231n.github.io/neural-networks-2/}, 
journal={Cs231n.github.io}, 
author={Karpathy, Andrej}, 
year={2018}}

@article{maaten2008visualizing,
  title={Visualizing data using t-SNE},
  author={Maaten, Laurens van der and Hinton, Geoffrey},
  journal={Journal of machine learning research},
  volume={9},
  number={Nov},
  pages={2579--2605},
  year={2008}
}

@misc{rodrigues2018AMLS,
  author        = {Miguel Rodrigues},
  title         = {Applied Machine Learning 
Systems, Unsupervised Learning Lecture Notes},
  year          = {2018},
  publisher={University College London}
}

@misc{andreopoulos2018CNN,
  author        = {Yiannis Andreopoulos},
  title         = {Applied Machine Learning 
Systems, Convolutional Neural Networks Lecture Notes},
  year          = {2018},
  publisher={University College London}
}

@misc{SrihariEarlyStopping,
  author        = {Sargur N. Srihari},
  title         = {Deep Learning: Early Stopping Lecture Notes},
  year          = {2018},
  publisher={SUNY: University at Buffalo},
  url={https://cedar.buffalo.edu/~srihari/CSE676/7.8\%20EarlyStopping.pdf}
}

@misc{HintonBengioYannDeepLearningSlides,
  author        = {Geoff Hinton and Yoshua Bengio and Yann 
LeCun},
  title         = {Deep Learning: NIPS 2015 Tutorial},
  year          = {2015},
  publisher={Canadian Institute for Advanced Research},
  url={http://www.iro.umontreal.ca/~bengioy/talks/DL-Tutorial-NIPS2015.pdf}
}

@article{kodinariya2013review,
  title={Review on determining number of Cluster in K-Means Clustering},
  author={Kodinariya, Trupti M and Makwana, Prashant R},
  journal={International Journal},
  volume={1},
  number={6},
  pages={90--95},
  year={2013}
}

@inproceedings{krizhevsky2012imagenet,
  title={Imagenet classification with deep convolutional neural networks},
  author={Krizhevsky, Alex and Sutskever, Ilya and Hinton, Geoffrey E},
  booktitle={Advances in neural information processing systems},
  pages={1097--1105},
  year={2012}
}

@article{lecun2015deep,
  title={Deep learning},
  author={LeCun, Yann and Bengio, Yoshua and Hinton, Geoffrey},
  journal={nature},
  volume={521},
  number={7553},
  pages={436},
  year={2015},
  publisher={Nature Publishing Group}
}

@inproceedings{taigman2014deepface,
  title={Deepface: Closing the gap to human-level performance in face verification},
  author={Taigman, Yaniv and Yang, Ming and Ranzato, Marc'Aurelio and Wolf, Lior},
  booktitle={Proceedings of the IEEE conference on computer vision and pattern recognition},
  pages={1701--1708},
  year={2014}
}

@book{goodfellow2016deep,
  title={Deep learning},
  author={Goodfellow, Ian and Bengio, Yoshua and Courville, Aaron and Bengio, Yoshua},
  volume={1},
  year={2016},
  publisher={MIT press Cambridge}
}

@article{scikit-learn,
 title={Scikit-learn: Machine Learning in {P}ython},
 author={Pedregosa, F. and Varoquaux, G. and Gramfort, A. and Michel, V.
         and Thirion, B. and Grisel, O. and Blondel, M. and Prettenhofer, P.
         and Weiss, R. and Dubourg, V. and Vanderplas, J. and Passos, A. and
         Cournapeau, D. and Brucher, M. and Perrot, M. and Duchesnay, E.},
 journal={Journal of Machine Learning Research},
 volume={12},
 pages={2825--2830},
 year={2011}
}

@misc{chollet2015keras,
  title={Keras},
  author={Chollet, Fran\c{c}ois and others},
  year={2015},
  howpublished={\url{https://keras.io}},
}

@book{numpy,
author = {Oliphant, Travis},
year = {2006},
month = {01},
pages = {},
title = {Guide to NumPy}
}

@InProceedings{ mckinney-proc-scipy-2010,
  author    = { Wes McKinney },
  title     = { Data Structures for Statistical Computing in Python },
  booktitle = { Proceedings of the 9th Python in Science Conference },
  pages     = { 51 - 56 },
  year      = { 2010 },
  editor    = { St\'efan van der Walt and Jarrod Millman }
}

@Article{Hunter:2007,
  Author    = {Hunter, J. D.},
  Title     = {Matplotlib: A 2D graphics environment},
  Journal   = {Computing In Science \& Engineering},
  Volume    = {9},
  Number    = {3},
  Pages     = {90--95},
  abstract  = {Matplotlib is a 2D graphics package used for Python
  for application development, interactive scripting, and
  publication-quality image generation across user
  interfaces and operating systems.},
  publisher = {IEEE COMPUTER SOC},
  doi       = {10.1109/MCSE.2007.55},
  year      = 2007
}

@inproceedings{imagenet_cvpr09,
        AUTHOR = {Deng, J. and Dong, W. and Socher, R. and Li, L.-J. and Li, K. and Fei-Fei, L.},
        TITLE = {{ImageNet: A Large-Scale Hierarchical Image Database}},
        BOOKTITLE = {CVPR09},
        YEAR = {2009},
        BIBSOURCE = "http://www.image-net.org/papers/imagenet_cvpr09.bib"}

@article{DBLP:journals/corr/HeZRS15,
  author    = {Kaiming He and
               Xiangyu Zhang and
               Shaoqing Ren and
               Jian Sun},
  title     = {Deep Residual Learning for Image Recognition},
  journal   = {CoRR},
  volume    = {abs/1512.03385},
  year      = {2015},
  url       = {http://arxiv.org/abs/1512.03385},
  archivePrefix = {arXiv},
  eprint    = {1512.03385},
  timestamp = {Mon, 13 Aug 2018 16:46:56 +0200},
  biburl    = {https://dblp.org/rec/bib/journals/corr/HeZRS15},
  bibsource = {dblp computer science bibliography, https://dblp.org}
}

 @misc{cholletbuildingpowerful, title={Building powerful image classification models using very little data}, url={https://blog.keras.io/building-powerful-image-classification-models-using-very-little-data.html}, journal={The Keras Blog}, author={Chollet, Francois}} 

@misc{splittingsetsng, 
author = {Andrew Ng},
title = {Train / Dev / Test sets},
howpublished = "\url{https://www.coursera.org/lecture/deep-neural-network/train-dev-test-sets-cxG1s}",
year = {2018}, 
}

@book{nielsen2015neural,
  title={Neural networks and deep learning},
  author={Nielsen, Michael A},
  volume={25},
  year={2015},
  publisher={Determination press USA}
}


@article{DBLP:journals/corr/KingmaB14,
  author    = {Diederik P. Kingma and
               Jimmy Ba},
  title     = {Adam: {A} Method for Stochastic Optimization},
  journal   = {CoRR},
  volume    = {abs/1412.6980},
  year      = {2014},
  url       = {http://arxiv.org/abs/1412.6980},
  archivePrefix = {arXiv},
  eprint    = {1412.6980},
  timestamp = {Mon, 13 Aug 2018 16:47:35 +0200},
  biburl    = {https://dblp.org/rec/bib/journals/corr/KingmaB14},
  bibsource = {dblp computer science bibliography, https://dblp.org}
}

@misc{karpathy_2018_nn1, 
title={CS231n Convolutional Neural Networks for Visual Recognition: Neural Networks Part 1: Setting up the Architecture}, 
url={http://cs231n.github.io/neural-networks-1/}, 
journal={Cs231n.github.io}, 
author={Karpathy, Andrej}, 
year={2018}}

@misc{karpathy_2018_nn3, 
title={CS231n Convolutional Neural Networks for Visual Recognition: Neural Networks Part 3: Learning and Evaluation }, 
url={http://cs231n.github.io/neural-networks-3/}, 
journal={Cs231n.github.io}, 
author={Karpathy, Andrej}, 
year={2018}}

@article{DBLP:journals/corr/MishkinSM16,
  author    = {Dmytro Mishkin and
               Nikolay Sergievskiy and
               Jiri Matas},
  title     = {Systematic evaluation of {CNN} advances on the ImageNet},
  journal   = {CoRR},
  volume    = {abs/1606.02228},
  year      = {2016},
  url       = {http://arxiv.org/abs/1606.02228},
  archivePrefix = {arXiv},
  eprint    = {1606.02228},
  timestamp = {Mon, 13 Aug 2018 16:47:08 +0200},
  biburl    = {https://dblp.org/rec/bib/journals/corr/MishkinSM16},
  bibsource = {dblp computer science bibliography, https://dblp.org}
}

@article{DBLP:journals/corr/abs-1206-5533,
  author    = {Yoshua Bengio},
  title     = {Practical recommendations for gradient-based training of deep architectures},
  journal   = {CoRR},
  volume    = {abs/1206.5533},
  year      = {2012},
  url       = {http://arxiv.org/abs/1206.5533},
  archivePrefix = {arXiv},
  eprint    = {1206.5533},
  timestamp = {Mon, 13 Aug 2018 16:47:20 +0200},
  biburl    = {https://dblp.org/rec/bib/journals/corr/abs-1206-5533},
  bibsource = {dblp computer science bibliography, https://dblp.org}
}

@misc{karpathy_2018_cnn, 
title={CS231n Convolutional Neural Networks for Visual Recognition:  Convolutional Neural Networks: Architectures, Convolution / Pooling Layers}, 
url={http://cs231n.github.io/convolutional-networks/}, 
journal={Cs231n.github.io}, 
author={Karpathy, Andrej}, 
year={2018}}

@article{DBLP:journals/corr/SimonyanZ14a,
  author    = {Karen Simonyan and
               Andrew Zisserman},
  title     = {Very Deep Convolutional Networks for Large-Scale Image Recognition},
  journal   = {CoRR},
  volume    = {abs/1409.1556},
  year      = {2014},
  url       = {http://arxiv.org/abs/1409.1556},
  archivePrefix = {arXiv},
  eprint    = {1409.1556},
  timestamp = {Mon, 13 Aug 2018 16:46:51 +0200},
  biburl    = {https://dblp.org/rec/bib/journals/corr/SimonyanZ14a},
  bibsource = {dblp computer science bibliography, https://dblp.org}
}

@misc{gupta_2017, title={Home}, url={https://www.learnopencv.com/image-classification-using-convolutional-neural-networks-in-keras/}, journal={Learn OpenCV}, author={Gupta, Vikas}, year={2017}, month={Nov}} 

@article{srivastava2014dropout,
  title={Dropout: a simple way to prevent neural networks from overfitting},
  author={Srivastava, Nitish and Hinton, Geoffrey and Krizhevsky, Alex and Sutskever, Ilya and Salakhutdinov, Ruslan},
  journal={The Journal of Machine Learning Research},
  volume={15},
  number={1},
  pages={1929--1958},
  year={2014},
  publisher={JMLR. org}
}

@article{DBLP:journals/corr/abs-1712-04621,
  author    = {Luis Perez and
               Jason Wang},
  title     = {The Effectiveness of Data Augmentation in Image Classification using
               Deep Learning},
  journal   = {CoRR},
  volume    = {abs/1712.04621},
  year      = {2017},
  url       = {http://arxiv.org/abs/1712.04621},
  archivePrefix = {arXiv},
  eprint    = {1712.04621},
  timestamp = {Mon, 13 Aug 2018 16:48:03 +0200},
  biburl    = {https://dblp.org/rec/bib/journals/corr/abs-1712-04621},
  bibsource = {dblp computer science bibliography, https://dblp.org}
}
